/Users/adam/Dropbox/bibdesk.bib